@Article{Stackowiak2015,
  author ={Robert Stackowiak, Venu Mantha, Art Licht, Ambreesh Khanna},
  title={Big Data in Financial Services and Banking},
  year={2015},
  publisher={Oracle Enterprise Architecture White Paper}
}

@Inbook{Standford,
  title =        "Recommendation Systems",
  edition =      "1st.",
  publisher =    "Standford University Press",
  url = 	 "http://infolab.stanford.edu/~ullman/mmds/ch9.pdf",
  chapter = 	 "9",
  pages = 	 "307-341",
}

@Inbook{las_gergor00,
  author = 	 "Gregor von Laszewski",
  editor =       "Ian Editor",
  title =        "The title of book one",
  subtitle =     "The book subtitle",
  series =       "The name of the series one",
  year =         "2007",
  volume = 	 "9",
  address =      "Chicago",
  edition =      "1st.",
  publisher =    "University of Chicago Press",
  doi = 	 "10.1007/3-540-09237-4",
  url = 	 "http://dx.doi.org/10.1007/3-540-09456-9",
  chapter = 	 "",
  pages = 	 "",
  number = 	 "",
  type = 	 "",
  month = 	 "",
  note = 	 "",
}

@article{Hong2013,
    author =       "Wenxing Hong, Siting Zheng, Huan Wang, Jianchao Shi",
    title =        "A Job Recommender System Based on User
Clustering",
    journal =      "JOURNAL OF COMPUTERS,",
    volume =       "8",
    number =       "8",
    year =         "2013",
    DOI =          "https://pdfs.semanticscholar.org/e2e4/a8e6887ea0e50ebef372f72093a96cd25e0d.pdf"
}

@misc{Zhou2017,
    author    = "William Zhou",
    title     = "Match job with your skill: A simple job recommendation system",
    url       = "https://nycdatascience.com/blog/student-works/r-shiny/match-skill-job-simple-job-recommendation-system/"
}


@misc{CF2017,
    title     = "Collaboratve Filtering",
    url       = "http://recommender-systems.org/collaborative-filtering/"
}

@misc{CBF2017,
    title     = "Content-based Filtering",
    url       = "http://recommender-systems.org/content-based-filtering/"
}

@misc{Jain2016,
    author    = " Aarshay Jain",
    title     = "Quick Guide to Build a Recommendation Engine in Python",
    url       = "https://www.analyticsvidhya.com/blog/2016/06/quick-guide-build-recommendation-engine-python/"
}

