@Article{Stackowiak2015,
  author ={Robert Stackowiak, Venu Mantha, Art Licht, Ambreesh Khanna},
  title={Big Data in Financial Services and Banking},
  year={2015},
  publisher={Oracle Enterprise Architecture White Paper}
}

@Article{Turner2013,
  author= {David Turner,Michael Schroeck, Rebecca Shockley},
  title     = {Analytics: The real-world use of big data in financial services},
  publisher={IBM Corporation},
  year   = {2013}
}

@Article{Nath2015,
  author  = {Trevir Nath},
  title   = {How Big Data Has Changed Finance},
  date   = {2015/04/09},
  year    = {2015},
  publisher={Investopedia},
  url    = {https://www.investopedia.com/articles/active-trading/040915/how-big-data-has-changed-finance.asp}
}

@Article{Brett2012
  Author = {Louise Brett, Harvey Lewis, Richard Love},
  title  = {Time for a lean approach in financial services},
  year   = {2012},
  publisher={Deloitte LLP.},
  year   = {2012}
}
