@Article{Ferreira2014,
  title={It’s Not “Big Data vs. Teachers” — It’s “Big Data vs. Standardized Tests”},
  author={Ferreira, J.},
  url={https://www.knewton.com/resources/blog/ed-tech/big-data-vs-standardized-tests/},
  year={2014},
  publisher={Ed Tech}
}

@Article{Daniel2015,
  author       = {Ben Daniel},
  title        = {Big Data and Analytics in Higher Education: Opportunities and Challenges},
  journal      = {British Educational Research Association},
  journaltitle = {British Journal of Educational Technology},
  year         = {2015},
}

@Article{Picciano2012,
  author  = {Anthony G. Picciano},
  title   = {The Evolution of Big Data and Learning in Analytics in American Higher Education},
  journal = {Journal of Asynchronous Learning Networks, Volume 13: Issue 3},
  year    = {2012},
}

@Periodical{Selingo2017,
  editor = {Jeffrey Selingo},
  title  = {How Colleges Use Big Data to Target the Students They Want},
  year   = {2017},
  date   = {2017/04},
  url    = {https://www.theatlantic.com/education/archive/2017/04/how-colleges-find-their-students/522516/},
}
